

@ARTICLE{simplepd,
  author={Tomei, P.},
  journal={IEEE Transactions on Automatic Control}, 
  title={A simple {PD} controller for robots with elastic joints}, 
  year={1991},
  volume={36},
  number={10},
  pages={1208-1213},
  doi={10.1109/9.90238}
}

@INPROCEEDINGS{pdstable,
  author={De Luca, A. and Siciliano, B.},
  booktitle={Proceedings of the 31st IEEE Conference on Decision and Control}, 
  title={An {Asymptotically} {Stable} {Joint} {PD} {Controller} for {Robot} {Arms} with {Flexible} {Links} {Under} {Gravity}}, 
  year={1992},
  volume={},
  number={},
  pages={325-326 vol.1},
  doi={10.1109/CDC.1992.371728}}
  
@article{deluca93,
author = {De Luca, A.  and Panzieri, S.},
title = {Learning {Gravity} {Compensation} in {Robots}: Rigid {Arms}, {Elastic} {Joints}, {Flexible} {Links}},
year = {1993},
publisher = {John Wiley & Sons, Inc.},
address = {USA},
volume = {7},
number = {5},
issn = {0890-6327},
url = {https://doi.org/10.1002/acs.4480070510},
doi = {10.1002/acs.4480070510},
journal = {Int. J. Adapt. Control Signal Process.},
pages = {417â€“433},
numpages = {17},
keywords = {Elastic joints, Robot control, Regulation, Flexible manipulators, Iterative learning}
}

@article{deluca96,
author = {De Luca, A. and Panzieri, S.},
title = {End-effector regulation of robots with elastic elements by an iterative scheme},
journal = {International Journal of Adaptive Control and Signal Processing},
volume = {10},
number = {4-5},
pages = {379-393},
keywords = {robot control, regulation, elastic joints, flexible manipulators, iterative learning},
doi = {https://doi.org/10.1002/(SICI)1099-1115(199607)10:4/5<379::AID-ACS369>3.0.CO;2-O},
url = {https://onlinelibrary.wiley.com/doi/abs/10.1002/%28SICI%291099-1115%28199607%2910%3A4/5%3C379%3A%3AAID-ACS369%3E3.0.CO%3B2-O},
eprint = {https://onlinelibrary.wiley.com/doi/pdf/10.1002/%28SICI%291099-1115%28199607%2910%3A4/5%3C379%3A%3AAID-ACS369%3E3.0.CO%3B2-O},
year = {1996}
}

@book{13sic,
author = {Siciliano, B. and Khatib, O.},
title = {Springer Handbook of Robotics},
year = {2007},
isbn = {354023957X},
publisher = {Springer-Verlag},
address = {Berlin, Heidelberg}
}